<record xmlns="http://www.loc.gov/MARC21/slim" xmlns:xsi="http://www.w3.org/2001/XMLSchema-instance" xsi:schemaLocation="http://www.loc.gov/MARC21/slim http://www.loc.gov/standards/marcxml/schema/MARC21slim.xsd"><leader>00850cz   2200181n  4500</leader><controlfield tag="001">oca01751190 </controlfield><controlfield tag="005">19930624171832.4</controlfield><controlfield tag="008">870121n| acannaab           |a aaa |||  </controlfield><datafield ind1=" " ind2=" " tag="010"><subfield code="a">n  85185866 </subfield></datafield><datafield ind1=" " ind2=" " tag="040"><subfield code="a">DLC</subfield><subfield code="c">DLC</subfield><subfield code="d">DLC</subfield></datafield><datafield ind1="0" ind2=" " tag="100"><subfield code="a">Callistratus,</subfield><subfield code="d">3rd or 4th cent.</subfield></datafield><datafield ind1="0" ind2=" " tag="400"><subfield code="a">Callistrate,</subfield><subfield code="d">3rd or 4th cent.</subfield></datafield><datafield ind1="0" ind2=" " tag="400"><subfield code="a">Callistratus,</subfield><subfield code="c">Sophista</subfield><subfield code="w">nnaa</subfield></datafield><datafield ind1="0" ind2=" " tag="400"><subfield code="a">Kallistratos,</subfield><subfield code="d">3rd or 4th cent.</subfield></datafield><datafield ind1=" " ind2=" " tag="670"><subfield code="a">Philostratus, the Athenian. Les images ou tableaux de platte peinture des deux Philostrates sophistes grecs ... 1637:</subfield><subfield code="b">t.p. (Callistrate)</subfield></datafield><datafield ind1=" " ind2=" " tag="670"><subfield code="a">Oxford classical dict., 2nd ed.</subfield><subfield code="b">(Callistratus; 3rd or 4th cent.; a sophist who wrote Ekphraseis (descriptions) of 14 statues)</subfield></datafield><datafield ind1=" " ind2=" " tag="670"><subfield code="a">LC manual cat.</subfield><subfield code="b">(Callistratus, Sophista)</subfield></datafield><datafield ind1=" " ind2=" " tag="670"><subfield code="a">Philostratus, the Athenian. Philostratorum et Callistrati opera, 1849:</subfield><subfield code="b">p. 415 (Kallistratou ... )</subfield></datafield></record>